<record><leader>00000cas a22000007a 4500</leader><controlfield tag="001">13041673</controlfield><controlfield tag="008">860121d19211934wvuwr ne      0    0eng d</controlfield><datafield ind1=" " ind2=" " tag="010"><subfield code="a">sn 86092070 </subfield></datafield><datafield ind1=" " ind2=" " tag="040"><subfield code="a">WVC</subfield><subfield code="b">eng</subfield><subfield code="c">WVC</subfield><subfield code="d">OCL</subfield><subfield code="d">OCLCQ</subfield></datafield><datafield ind1=" " ind2=" " tag="042"><subfield code="a">msc</subfield></datafield><datafield ind1="0" ind2="4" tag="245"><subfield code="a">The Mercer recorder.</subfield></datafield><datafield ind1=" " ind2=" " tag="260"><subfield code="a">Matoaka, W. Va. :</subfield><subfield code="b">Barty Wyatt</subfield></datafield><datafield ind1=" " ind2=" " tag="300"><subfield code="a">v.</subfield></datafield><datafield ind1=" " ind2=" " tag="310"><subfield code="a">Weekly</subfield></datafield><datafield ind1="1" ind2=" " tag="362"><subfield code="a">Began in 1921; ceased in 1934.</subfield></datafield><datafield ind1=" " ind2=" " tag="500"><subfield code="a">Editor: Barty Wyatt.</subfield></datafield><datafield ind1=" " ind2=" " tag="588"><subfield code="a">Description based on: Vol. 1, no. 8 (Aug. 26, 1921).</subfield></datafield><datafield ind1=" " ind2=" " tag="752"><subfield code="a">United States</subfield><subfield code="b">West Virginia</subfield><subfield code="c">Mercer</subfield><subfield code="d">Matoaka.</subfield></datafield><datafield ind1="0" ind2="0" tag="785"><subfield code="t">Twin City advance and Mercer recorder</subfield><subfield code="w">(DLC)sn 86092071</subfield></datafield></record>